@Misc{Digiato,
	AUTHOR		=	{فرهبد،احمدرضا},
	TITLE		=	{ربات چیست و چه کابردی دارد؟\hspace{7.1cm}},
	HOWPUBLISHED=	{\lr{\href{https://digiato.com/article/2022/11/17/what-is-robot}{https://digiato.com/article/2022/11/17/what-is-robot}}},
	YEAR		=	{1401},
	LANGUAGE	=	{Persian}
}
@ARTICLE{Quadruped,
	AUTHOR		= 	{جوهری مجد, وحید},
	TITLE 		=  	{بررسی پیشرفت‌های فن‌آوری ربات‌های چهارپا},
	JOURNAL 	= 	{انجمن مهندسان کنترل و ابزار دقیق ایران},
	VOLUME 		=	{8},
	YEAR 		=  	{1393},
	NUMBER 		=  	{3},
	MONTH 		=  	{پاییز},
	PAGES 		=  	{51 تا 68},
	LANGUAGE 	=   {Persian}
}
@Article{AIBO,
	AUTHOR 		=  	{Masahiro Fujita},
	TITLE 		=  	{AIBO: Toward the Era of Digital Creatures},
	JOURNAL 	= 	{The International Journal of Robotics Research},
	VOLUME 		=	{20},
	YEAR 		=  	{2001},
	NUMBER 		=  	{10},
	MONTH 		=  	{October},
	PAGES 		=  	{781-794},
	LANGUAGE 	=   {English}
}
@Misc{G-Dog,
	AUTHOR		=	{Jose Fermoso},
	TITLE		=	{G-Dog Robot Moves Swiftly, Scares Others Easily\hspace{4cm}},
	HOWPUBLISHED=	{\lr{\href{https://www.wired.com/2008/11/g-dog-robot/}{https://www.wired.com/2008/11/g-dog-robot/}}},
	YEAR		=	{2008},
	LANGUAGE	=	{English}
}
@Misc{Little-Dog-1,
	AUTHOR		=	{Larry Greenemeier},
	TITLE		=	{DARPA Pushes Machine Learning with Legged LittleDog Robot\hspace{1.2cm}},
	HOWPUBLISHED=	{\lr{\href{https://www.scientificamerican.com/article/littledog-darpa/}{https://www.scientificamerican.com/article/littledog-darpa/}}},
	YEAR		=	{2008},
	LANGUAGE	=	{English}
}
@Article{Little-Dog-2,
	AUTHOR 		=  	{Dimitris Pongas and Michael Mistry and Stefan Schaal},
	TITLE 		=  	{A Robust Quadruped Walking Gait for
	Traversing Rough Terrain},
	JOURNAL 	= 	{IEEE International Conference on
	Robotics and Automation},
	YEAR 		=  	{2007},
	MONTH 		=  	{April},
	PAGES 		=  	{1474-1479},
	LANGUAGE 	=   {English}
}
@Article{Big-Dog,
	AUTHOR 		=  	{Marc Raibert and Kevin Blankespoor and Gabriel Nelson and Rob Playter},
	TITLE 		=  	{BigDog, the Rough-Terrain Quadruped Robot},
	JOURNAL 	= 	{IFAC The International Federation of Automatic Control},
	YEAR 		=  	{2008},
	MONTH 		=  	{July},
	PAGES 		=  	{10822-10825},
	LANGUAGE 	=   {English}
}
@Misc{LS3,
	AUTHOR		=	{Darpa},
	TITLE		=	{Legged Squad Support System(LS3)\hspace{7.5cm}},
	HOWPUBLISHED=	{\lr{\href{https://www.darpa.mil/program/legged-squad-support-system}{https://www.darpa.mil/program/legged-squad-support-system}}},
	YEAR		=	{2012},
	LANGUAGE	=	{English}
}
@Misc{Wild-Cat,
	AUTHOR		=	{Evan Ackerman},
	TITLE		=	{Whoa: Boston Dynamics Announces New WildCat Quadruped Robot},
	HOWPUBLISHED=	{\lr{\href{https://spectrum.ieee.org/whoa-boston-dynamics-announces-new-wildcat-quadruped}{https://spectrum.ieee.org/whoa-boston-dynamics-announces-new-wildcat-quadruped}}},
	YEAR		=	{2013},
	LANGUAGE	=	{English}
}
@Misc{Piro,
	AUTHOR		=	{Alejandro Alonso Puig},
	TITLE		=	{Robot World 2009 The South Korean Robotics exhibition},
	HOWPUBLISHED=	{\lr{\href{http://automacomp.blogspot.com/2009/09/robot-world-2009-south-korean-robotics.html}{http://automacomp.blogspot.com/2009/09/robot-world-2009-south-korean-robotics.html}}},
	YEAR		=	{2009},
	LANGUAGE	=	{English}
}
@Article{Aidin-I-1,
	AUTHOR 		=  	{Ig Mo Koo and Tran Duc Trong and Tae Hun Kang and GiaLoc Vo and Young Kuk Song and Chang Min Lee and Hyouk Ryeol Choi},
	TITLE 		=  	{Control of a Quadruped Walking Robot Based on Biologically Inspired Approach},
	JOURNAL 	= 	{IEEE/RSJ International Conference on Intelligent Robots and Systems San Diego},
	YEAR 		=  	{2007},
	MONTH 		=  	{October},
	PAGES 		=  	{2969-2974},
	LANGUAGE 	=   {English}
}
@Article{Aidin-I-2,
	AUTHOR 		=  	{Ig Mo Koo and Tae Hun Kang and GiaLoc Vo and Tran Duc Trong and Young Kuk Song and Hyouk Ryeol Choi},
	TITLE 		=  	{Biologically Inspired Control of Quadruped Walking Robot},
	JOURNAL 	= 	{ICROS International Journal of Control, Automation, and Systems},
	VOLUME 		=	{7},
	YEAR 		=  	{2009},
	NUMBER 		=  	{4},
	PAGES 		=  	{577-584},
	LANGUAGE 	=   {English}
}
@Article{Aidin-III-1,
	AUTHOR 		=  	{Ig Mo Koo and Duc Trong Tran and Yoon Haeng Lee and Hyungpil Moon and Ja Choon Koo and Sangdeok Park and Hyouk Ryeol Choi},
	TITLE 		=  	{Development of a Quadruped Walking Robot AiDIN-III using Biologically Inspired Kinematic Analysis},
	JOURNAL 	= 	{ICROS International Journal of Control, Automation, and Systems},
	VOLUME 		=	{11},
	YEAR 		=  	{2013},
	NUMBER 		=  	{6},
	PAGES 		=  	{1276-1289},
	LANGUAGE 	=   {English}
}
@Article{Aidin-III-2,
	AUTHOR 		=  	{Ig Mo Koo and Duc Trong Tran and Yoon Haeng Lee and Hyungpil Moon and Ja Choon Koo and Sangdeok Park and Hyouk Ryeol Choi},
	TITLE 		=  	{Biologically inspired gait transition control for a quadruped
	walking robot},
	JOURNAL 	= 	{Springer Science+Business Media New York},
	YEAR 		=  	{2015},
	MONTH 		=  	{January},
	LANGUAGE 	=   {English}
}
@Article{Hanma,
	AUTHOR 		=  	{Yibin Li and Bin Li and Jiuhong Ruan and Xuewen Rong},
	TITLE 		=  	{Research of Mammal Bionic Quadruped Robots: a Review},
	JOURNAL 	= 	{IEEE 5th International Conference on Robotics, Automation and Mechatronics},
	YEAR 		=  	{2011},
	MONTH 		=  	{November},
	PAGES 		=  	{166-171},
	LANGUAGE 	=   {English}
}
@Article{HyQ,
	AUTHOR 		=  	{Barkan Ugurlu and Ioannis Havoutis and Claudio Semini and Darwin G. Caldwell},
	TITLE 		=  	{Dynamic Trot-Walking with the Hydraulic Quadruped Robot - HyQ: Analytical Trajectory Generation and Active Compliance Control},
	JOURNAL 	= 	{IEEE/RSJ International Conference on Intelligent Robots and Systems (IROS)},
	YEAR 		=  	{2013},
	MONTH 		=  	{November},
	LANGUAGE 	=   {English}
}
@Article{Sample,
	AUTHOR 		=  	{Saurav Agarwal and Abhijit Mahapatra and Shibendu Shekhar Roy},
	TITLE 		=  	{Dynamics and Optimal Feet Force Distributions of a Realistic Four-legged Robot},
	JOURNAL 	= 	{International Journal of Robotics and Automation (IJRA)},
	VOLUME 		=	{1},
	YEAR 		=  	{2012},
	MONTH 		=  	{December},
	NUMBER 		=  	{4},
	PAGES 		=  	{223-234},
	LANGUAGE 	=   {English}
}
@Article{Titan-VIII,
	AUTHOR 		=  	{Xue Dong Chen and Keigo Watanabe and Kiyotaka Izumi},
	TITLE 		=  	{Kinematic Solution of a Quadruped Walking Robot-Posture Analysis of Titan-VIII-},
	JOURNAL 	= 	{IFAC 14th Wprld Congress},
	YEAR 		=  	{1999},
	PAGES 		=  	{827-832},
	LANGUAGE 	=   {English}
}
@Misc{SolidWoks,
	AUTHOR		=	{میلاد حیدری},
	TITLE		=	{معرفی کامل نرم افزار سالیدورک\hspace{7.3cm}},
	HOWPUBLISHED=	{\lr{\href{https://sariasan.com/solidworks-tutorial/solidworks-introduction-and-timing/}{https://sariasan.com/solidworks-tutorial/solidworks-introduction-and-timing/}}},
	YEAR		=	{1401},
	LANGUAGE	=	{Persian}
}
@BOOK{Electronics,
	AUTHOR =      {Paul Scherz and Simon Monk},
	TITLE =       {Practical Electronics for Inventors},
	PUBLISHER =   {McGraw-Hill},
	YEAR =        {2016},
	ISBN = 		{978-1-25-958754-2},
	EDITION = 	{4th},
}
@Misc{Servo,
	AUTHOR		=	{Electrical4U},
	TITLE		=	{What is Servomotor},
	HOWPUBLISHED=	{\lr{\href{https://www.electrical4u.com/what-is-servo-motor/}{https://www.electrical4u.com/what-is-servo-motor/}}},
	YEAR		=	{2023},
	LANGUAGE	=	{English}
}
@Misc{Micro,
	AUTHOR		=	{الکترونک پارس},
	TITLE		=	{میکروکنترلر چیست؟ کاربرد و انواع آن\hspace{5.8cm}},
	HOWPUBLISHED=	{\lr{\href{https://parselectronic.com/what-is-microcontroller-and-types/}{https://parselectronic.com/what-is-microcontroller-and-types/}}},
	YEAR		=	{1401},
	LANGUAGE	=	{Persian}
}